<record><leader>00000cas a22000007a 4500</leader><controlfield tag="001">9836510</controlfield><controlfield tag="008">830823d18731907nyuwr ne      0    0eng d</controlfield><controlfield tag="009">3781</controlfield><datafield ind1=" " ind2=" " tag="010"><subfield code="a">sn 83031270 </subfield></datafield><datafield ind1=" " ind2=" " tag="040"><subfield code="a">NPU</subfield><subfield code="b">eng</subfield><subfield code="c">NPU</subfield><subfield code="d">NPX</subfield><subfield code="d">NYS</subfield><subfield code="d">OCLCQ</subfield></datafield><datafield ind1="1" ind2=" " tag="029"><subfield code="a">AU@</subfield><subfield code="b">000020375063</subfield></datafield><datafield ind1=" " ind2=" " tag="042"><subfield code="a">msc</subfield></datafield><datafield ind1="0" ind2="4" tag="245"><subfield code="a">The Coeymans herald.</subfield></datafield><datafield ind1=" " ind2=" " tag="260"><subfield code="a">Coeymans, N.Y. :</subfield><subfield code="b">Miller &amp; Sherman</subfield></datafield><datafield ind1=" " ind2=" " tag="300"><subfield code="a">v. ;</subfield><subfield code="c">61 cm.</subfield></datafield><datafield ind1=" " ind2=" " tag="310"><subfield code="a">Weekly</subfield></datafield><datafield ind1="0" ind2=" " tag="362"><subfield code="a">Vol. 1, no. 1 (Mar. 20, 1873)-</subfield></datafield><datafield ind1="1" ind2=" " tag="362"><subfield code="a">Ceased in 1907.</subfield><subfield code="z">Cf. Gregory, W. Amer. newspapers.</subfield></datafield><datafield ind1=" " ind2=" " tag="500"><subfield code="a">Editors: Miller &amp; Sherman, &lt;1873&gt;; George R. Miller, &lt;1876&gt;.</subfield></datafield><datafield ind1=" " ind2=" " tag="500"><subfield code="a">Publishers: Miller &amp; Sherman, 1873- ; George R. Miller, &lt;1876&gt;; S.H. and E.J. Sherman, &lt;1898&gt;.</subfield></datafield><datafield ind1=" " ind2="4" tag="651"><subfield code="a">Coeymans (N.Y.)</subfield><subfield code="v">Newspapers.</subfield></datafield><datafield ind1=" " ind2=" " tag="752"><subfield code="a">United States</subfield><subfield code="b">New York</subfield><subfield code="c">Albany</subfield><subfield code="d">Coeymans.</subfield></datafield><datafield ind1="0" ind2="7" tag="785"><subfield code="t">Ravena news</subfield><subfield code="w">(DLC)sn 84031158</subfield></datafield><datafield ind1="0" ind2="7" tag="785"><subfield code="t">News-herald (Coeymans, N.Y.)</subfield><subfield code="w">(DLC)sn 84031163</subfield></datafield></record>